@article{knuth84,
  author    = {Donald E. Knuth},
  title     = {Literate Programming},
  journal   = {The Computer Journal},
  year      = {1984},
  number    = {2},
  volume    = {27},
  pages     = {97--111},
}

@article{blockchain-application,
	title={Blockchain application and outlook in the banking industry},
	author={Guo, Ye and Liang, Chen},
	journal={Financial Innovation},
	volume={2},
	number={1},
	pages={24},
	year={2016},
	publisher={SpringerOpen}
}

@article{scompile,
  title={sCompile: Critical path identification and analysis for smart contracts},
  author={Chang, Jialiang and Gao, Bo and Xiao, Hao and Sun, Jun and Yang, Zijiang},
  journal={arXiv preprint arXiv:1808.00624},
  year={2018}
}

@inproceedings{treeEditDistance,
  title={A new perspective on the tree edit distance},
  author={Schwarz, Stefan and Pawlik, Mateusz and Augsten, Nikolaus},
  booktitle={International Conference on Similarity Search and Applications},
  pages={156--170},
  year={2017},
  organization={Springer}
}

@article{blockchain-in-energy,
	title={A Blockchain Application in Energy},
	author={Hukkinen, Taneli and Mattila, Juri and Ilom{\"a}ki, Juuso and Sepp{\"a}l{\"a}, Timo and others},
	journal={ETLA Reports},
	volume={71},
	year={2017},
	publisher={The Research Institute of the Finnish Economy}
}

@article{区块链技术及其应用研究,
	title={区块链技术及其应用研究},
	author={谢辉 and 王健},
	journal={信息网络安全},
	number={9},
	pages={192-195},
	year={2016},
}

@Misc{eth-intro,
	howpublished = {\url{https://github.com/ethereum/wiki/wiki/Ethere um-introduction}},
	note = {Accessed December, 2018},
	title = {Ethereum Introduction},
	author = {James Ray}
}

@Misc{eth-chart,
	howpublished = {\url{https://etherscan.io/chart/tx}},
	note = {Accessed April, 2018},
	title = {Ethereum Transaction Chart},
	author = {Etherscan}
}

@Misc{dao-attack,
	howpublished = {\url{https://www.coindesk.com/understand ing-dao-hack-journalists}},
	note = {Accessed July, 2016},
	title = {Understanding The DAO Attack},
	author = {David Siegel}
}

@article{survey-dynamic,
  title={A survey on automated dynamic malware-analysis techniques and tools},
  author={Egele, Manuel and Scholte, Theodoor and Kirda, Engin and Kruegel, Christopher},
  journal={ACM computing surveys (CSUR)},
  volume={44},
  number={2},
  pages={6},
  year={2012},
  publisher={ACM}
}

@inproceedings{deckard,
	title={Deckard: Scalable and accurate tree-based detection of code clones},
	author={Jiang, Lingxiao and Misherghi, Ghassan and Su, Zhendong and Glondu, Stephane},
	booktitle={Proceedings of the 29th international conference on Software Engineering},
	pages={96--105},
	year={2007},
	organization={IEEE Computer Society}
}

@inproceedings{survey-on-attacks,
	title={A survey of attacks on ethereum smart contracts (sok)},
	author={Atzei, Nicola and Bartoletti, Massimo and Cimoli, Tiziana},
	booktitle={International Conference on Principles of Security and Trust},
	pages={164--186},
	year={2017},
	organization={Springer}
}

@inproceedings{solidity-analysis-empirical,
	title={An empirical analysis of smart contracts: platforms, applications, and design patterns},
	author={Bartoletti, Massimo and Pompianu, Livio},
	booktitle={International conference on financial cryptography and data security},
	pages={494--509},
	year={2017},
	organization={Springer}
}


@inproceedings{bingo,
	title={Bingo: Cross-architecture cross-os binary search},
	author={Chandramohan, Mahinthan and Xue, Yinxing and Xu, Zhengzi and Liu, Yang and Cho, Chia Yuan and Tan, Hee Beng Kuan},
	booktitle={Proceedings of the 2016 24th ACM SIGSOFT International Symposium on Foundations of Software Engineering},
	pages={678--689},
	year={2016},
	organization={ACM}
}

@article{survey-on-malware-analysis,
	title={A survey on automated dynamic malware-analysis techniques and tools},
	author={Egele, Manuel and Scholte, Theodoor and Kirda, Engin and Kruegel, Christopher},
	journal={ACM computing surveys (CSUR)},
	volume={44},
	number={2},
	pages={6},
	year={2012},
	publisher={ACM}
}

@inproceedings{survey-on-smart-contracts,
  title={An empirical analysis of smart contracts: platforms, applications, and design patterns},
  author={Bartoletti, Massimo and Pompianu, Livio},
  booktitle={International conference on financial cryptography and data security},
  pages={494--509},
  year={2017},
  organization={Springer}
}

@Misc{slither,
	howpublished = {\url{https://github.com/crytic/slither}},
	note = {Accessed September, 2018},
	title = {Slither: a static analyzer on smart contracts},
	author = {Crytic}
}

@Misc{echidna,
	howpublished = {\url{https://github.com/crytic/echidna}},
	note = {Accessed September, 2018},
	title = {Echidna: a Haskell based verification library for smart contract},
	author = {Crytic}
}



@inproceedings{oyente,
	title={Making smart contracts smarter},
	author={Luu, Loi and Chu, Duc-Hiep and Olickel, Hrishi and Saxena, Prateek and Hobor, Aquinas},
	booktitle={Proceedings of the 2016 ACM SIGSAC conference on computer and communications security},
	pages={254--269},
	year={2016},
	organization={ACM}
}

@inproceedings{securify,
	title={Securify: Practical security analysis of smart contracts},
	author={Tsankov, Petar and Dan, Andrei and Drachsler-Cohen, Dana and Gervais, Arthur and Buenzli, Florian and Vechev, Martin},
	booktitle={Proceedings of the 2018 ACM SIGSAC Conference on Computer and Communications Security},
	pages={67--82},
	year={2018},
	organization={ACM}
}

@Misc{manticore,
	howpublished = {\url{https://github.com/trailofbits/manticore}},
	note = {Accessed September, 2018},
	title = {Manticore: a dynamic analyzer on smart contracts},
	author = {Crytic}
}

@Misc{solidity-doc,
	howpublished = {\url{https://solidity.readthedocs.io/en/v0.4.25/}},
	note = {Accessed September, 2017},
	title = {Solidity: A Turing-complete Language For Smart Contracts},
	author = {Ethereum}
}

@inproceedings{contractfuzzer,
  title={Contractfuzzer: Fuzzing smart contracts for vulnerability detection},
  author={Jiang, Bo and Liu, Ye and Chan, WK},
  booktitle={Proceedings of the 33rd ACM/IEEE International Conference on Automated Software Engineering},
  pages={259--269},
  year={2018},
  organization={ACM}
}

@inproceedings{z3,
	title={Z3: An efficient SMT solver},
	author={De Moura, Leonardo and Bj{\o}rner, Nikolaj},
	booktitle={International conference on Tools and Algorithms for the Construction and Analysis of Systems},
	pages={337--340},
	year={2008},
	organization={Springer}
}

@Misc{souffle,
	howpublished = {\url{https://souffle-lang.github.io/index.html}},
	note = {Accessed September, 2018},
	title = {Souffle: A translator of Horn clauses into parallel C++},
	author = {Souffle-lang}
}

@inproceedings{zeus,
	title={ZEUS: Analyzing Safety of Smart Contracts.},
	author={Kalra, Sukrit and Goel, Seep and Dhawan, Mohan and Sharma, Subodh},
	booktitle={NDSS},
	year={2018}
}

@inproceedings{binary-not-ez,
	title={Binary code is not easy},
	author={Meng, Xiaozhu and Miller, Barton P},
	booktitle={Proceedings of the 25th International Symposium on Software Testing and Analysis},
	pages={24--35},
	year={2016},
	organization={ACM}
}

@inproceedings{divine,
	title={Divine: Discovering variables in executables},
	author={Balakrishnan, Gogul and Reps, Thomas},
	booktitle={International Workshop on Verification, Model Checking, and Abstract Interpretation},
	pages={1--28},
	year={2007},
	organization={Springer}
}

@inproceedings{tie,
	title={TIE: Principled Reverse Engineering of Types in Binary Programs.},
	author={Lee, JongHyup and Avgerinos, Thanassis and Brumley, David},
	booktitle={NDSS},
	year={2011}
}

@inproceedings{vulpecker,
  title={VulPecker: an automated vulnerability detection system based on code similarity analysis},
  author={Li, Zhen and Zou, Deqing and Xu, Shouhuai and Jin, Hai and Qi, Hanchao and Hu, Jie},
  booktitle={Proceedings of the 32nd Annual Conference on Computer Security Applications},
  pages={201--213},
  year={2016},
  organization={ACM}
}

@inproceedings{fcfinder,
  title={Finding file clones in freebsd ports collection},
  author={Sasaki, Yusuke and Yamamoto, Tetsuo and Hayase, Yasuhiro and Inoue, Katsuro},
  booktitle={2010 7th IEEE Working Conference on Mining Software Repositories (MSR 2010)},
  pages={102--105},
  year={2010},
  organization={IEEE}
}

@inproceedings{vul-extrapolation,
  title={Vulnerability extrapolation: assisted discovery of vulnerabilities using machine learning},
  author={Yamaguchi, Fabian and Lindner, Felix and Rieck, Konrad},
  booktitle={Proceedings of the 5th USENIX conference on Offensive technologies},
  pages={13--13},
  year={2011},
  organization={USENIX Association}
}

@inproceedings{sourcerercc,
  title={Sourcerercc: Scaling code clone detection to big-code},
  author={Sajnani, Hitesh and Saini, Vaibhav and Svajlenko, Jeffrey and Roy, Chanchal K and Lopes, Cristina V},
  booktitle={2016 IEEE/ACM 38th International Conference on Software Engineering (ICSE)},
  pages={1157--1168},
  year={2016},
  organization={IEEE}
}

@inproceedings{redebug,
  title={ReDeBug: finding unpatched code clones in entire os distributions},
  author={Jang, Jiyong and Agrawal, Abeer and Brumley, David},
  booktitle={2012 IEEE Symposium on Security and Privacy},
  pages={48--62},
  year={2012},
  organization={IEEE}
}

@inproceedings{cfgcompare,
  title={A method to evaluate CFG comparison algorithms},
  author={Chan, Patrick PF and Collberg, Christian},
  booktitle={2014 14th International Conference on Quality Software},
  pages={95--104},
  year={2014},
  organization={IEEE}
}

@inproceedings{bugsjs,
  title={Bugsjs: A benchmark of javascript bugs},
  author={Gyimesi, P{\'e}ter and Vancsics, B{\'e}la and Stocco, Andrea and Mazinanian, Davood and Besz{\'e}des, {\'A}rp{\'a}d and Ferenc, Rudolf and Mesbah, Ali},
  booktitle={2019 12th IEEE Conference on Software Testing, Validation and Verification (ICST)},
  pages={90--101},
  year={2019},
  organization={IEEE}
}

@inproceedings{clospan,
  title={CloSpan: Mining: Closed sequential patterns in large datasets},
  author={Yan, Xifeng and Han, Jiawei and Afshar, Ramin},
  booktitle={Proceedings of the 2003 SIAM international conference on data mining},
  pages={166--177},
  year={2003},
  organization={SIAM}
}

@article{cpminer,
  title={CP-Miner: Finding copy-paste and related bugs in large-scale software code},
  author={Li, Zhenmin and Lu, Shan and Myagmar, Suvda and Zhou, Yuanyuan},
  journal={IEEE Transactions on software Engineering},
  volume={32},
  number={3},
  pages={176--192},
  year={2006},
  publisher={IEEE}
}

@article{ccfinder,
  title={CCFinder: a multilinguistic token-based code clone detection system for large scale source code},
  author={Kamiya, Toshihiro and Kusumoto, Shinji and Inoue, Katsuro},
  journal={IEEE Transactions on Software Engineering},
  volume={28},
  number={7},
  pages={654--670},
  year={2002},
  publisher={IEEE}
}

@inproceedings{vuddy,
  title={Vuddy: A scalable approach for vulnerable code clone discovery},
  author={Kim, Seulbae and Woo, Seunghoon and Lee, Heejo and Oh, Hakjoo},
  booktitle={2017 IEEE Symposium on Security and Privacy (SP)},
  pages={595--614},
  year={2017},
  organization={IEEE}
}

@inproceedings{erays,
	title={Erays: reverse engineering ethereum's opaque smart contracts},
	author={Zhou, Yi and Kumar, Deepak and Bakshi, Surya and Mason, Joshua and Miller, Andrew and Bailey, Michael},
	booktitle={27th $\{$USENIX$\}$ Security Symposium ($\{$USENIX$\}$ Security 18)},
	pages={1371--1385},
	year={2018}
}

@article{survey-on-clone,
	title={A survey on software clone detection research},
	author={Roy, Chanchal Kumar and Cordy, James R},
	journal={Queen’s School of Computing TR},
	volume={541},
	number={115},
	pages={64--68},
	year={2007}
}
